% Encoding: UTF-8

@Book{popper:2005,
    AUTHOR = "Popper, Karl",
    TITLE = "Gesammelte Werke: Band 3: Logik der Forschung",
    PUBLISHER = "Mohr Slebeck",
    YEAR = "2005"
}

@Book{feyerabend:1986,
    AUTHOR = "Feyerabend, Paul",
    TITLE = " Wider den Methodenzwang",
    PUBLISHER = "Suhrkamp Verlag",
    YEAR = "1986"
}

